
@article{Harland16,
	author = {Derek Harland},
	title = {The Skyrme model and chiral perturbation theory},
	journal = {Arxiv},
	year = {2016},
	volume = {arXiv:1612.07259 [hep-th]},
	url = {https://arxiv.org/abs/1612.07259},
	lockkey = {Y}
}

@article{Janssen09,
	author = {P. A. E. M. Janssen},
	title = {On some consequences of the canonical transformation in the
hamiltonian theory of water waves},
	journal = {J. Fluid Mech.},
	year = {2009},
	volume = {637},
	pages = {1--44},
	doi = {doi:10.1017/S0022112009008131}
}
