
@article{Bejan10,
	author = {Adrian Bejan1 and Sylvie Lorente},
	title = {The constructal law of design and evolution in nature},
	journal = {Philos Trans R Soc Lond B Biol Sci.},
	year = {2010},
	volume = {365},
	pages = {1335â€“1347},
	doi = {10.1098/rstb.2009.0302},
	lockkey = {Y}
}

