@inproceedings{bar88,
	author = {Michael F. Barnsley},
	title = {Fractal Modelling of real world images},
	booktitle = {The Science of Fractal Images},
	year = {1988},
	editor = {Heinz-Otto Peitgen, Dietmar Saupe},
	pages = {219-242},
	publisher = {Springer-Verlag},

}

@unpublished{Iso03,
	author = {Stefano Isola},
	title = {On the Spectrum of Farey and Gauss Maps},
	note = {preprint },
	year = {between 2000 and 2004},
	journal = {(need web url)}
}

@article{Cof05,
	author = {Mark W. Coffey},
	title = {Toward Verification of the Riemann Hypothesis: Application of the Li Criterion},
	journal = {Mathematical Physics, Analysis and Geometry},
	year = {2005},
	volume = {00},
	pages = {00},
	note = {in print}
}

